
    @website{logging,
      key = {1a},
      author = {Kirk Larkin and Juergen Gutsch and Rick Anderson},
      title = {Logging in .NET Core and ASP.NET Core},
      howpublished = {online},
      url = {https://docs.microsoft.com/en-us/aspnet/core/fundamentals/logging/?view=aspnetcore-5.0},
      cited = {2020-11-11},
      year = {2020}
    }
    
    @website{generic-host,
      key = {1b},
      title = {.NET Generic Host in ASP.NET Core},
      howpublished = {online},
      url = {https://docs.microsoft.com/en-us/aspnet/core/fundamentals/host/generic-host?view=aspnetcore-5.0},
      cited = {2020-11-11},
      year = {2020}
    }
    
    @website{ilogger-beginscope,
      key = {1c},
      author = {Nicholas Blumhardt},
      title = {The semantics of ILogger.BeginScope()},
      howpublished = {online},
      url = {https://nblumhardt.com/2016/11/ilogger-beginscope/},
      cited = {2020-11-11},
      year = {2016}
    }
    
    @website{gelf,
      key = {1d},
      title = {GELF},
      howpublished = {online},
      url = {https://docs.graylog.org/en/3.2/pages/gelf.html},
      cited = {2020-11-11},
      year = {2020}
    }
    
    @book{data-science-concepts-and-practice,
      key = {1f},
      author = {Vijay Kotu and Bala Deshpande},
      title = {Data Science: Concepts and Practice},
      publisher = {Morgan Kaufman Publishers},
      year = {2018},
      isbn = {9780128147610},
      edition = {2}
    }
    
    @book{supervised-vs-unsupervised-learning,
      key = {1g},
      author = {Berry, Michael and Mohamed, Azlinah and Yap, Bee Wah},
      publisher = {Springer, Cham},
      year = {2020},
      month = {01},
      title = {Supervised and Unsupervised Learning for Data Science},
      edition = {1},
      isbn = {978-3-030-22474-5},
      doi = {10.1007/978-3-030-22475-2}
    }
    
    @website{intro-to-anomaly-detection,
      key = {1h},
      author = {Thamindu, Dilshan Jayawickrama},
      year = {2020},
      month = {08},
      title = {Introduction to Anomaly Detection},
      howpublished = {online},
      url = {https://towardsdatascience.com/introduction-to-anomaly-detection-c651f38ccc32},
      cited = {2020-11-13}
    }
    
    @BOOK{cluster-methods-book,
      key = {1ch},
      author = {Alboukadel Kassambara},
      title = {Practical Guide to Cluster Analysis in R: Unsupervised Machine Learning},
      publisher = {CreateSpace Independent Publishing Platform},
      year = {2017},
      isbn = {9781542462709},
      edition = {1}
    }
    
    @article{cluster-methods-article,
      key = {1i},
      author = {Omran, Mahamed and Engelbrecht, Andries and Salman, Ayed},
      year = {2007},
      month = {11},
      pages = {583-605},
      title = {An overview of clustering methods},
      volume = {11},
      journal = {Intell. Data Anal.},
      doi = {10.3233/IDA-2007-11602}
    }
    
    @MISC{sur-gmm-lecture,
      key = {1j},
      author = {Lukáš Burget},
      title = {Strojové učení a rozpoznávání: Bayesovská rozhodovací teorie},
      year = {2019},
      publisher = {Faculty of Information Technology VUT},
      cited = {2020-11-16}
    }
    
    @inproceedings{som-article,
      key = {1k},
      author = {Miljković, Dubravko},
      booktitle={2017 40th International Convention on Information and Communication Technology, Electronics and Microelectronics (MIPRO)}, 
      title={Brief review of self-organizing maps},
      year={2017},
      pages={1061-1066},
      isbn={978-953-233-090-8},
      doi={10.23919/MIPRO.2017.7973581}
    }
    
    @website{som-web,
      key = {1l},
      author = {Abhinav, Ralhan},
      year = {2018},
      month = {02},
      title = {Self Organizing Maps},
      howpublished = {online},
      url = {https://medium.com/@abhinavr8/self-organizing-maps-ff5853a118d4},
      cited = {2020-11-16},
    }
    
    @website{dbscan-vs-k-means,
      key = {1m},
      author = {Andrewngai},
      title = {Understanding DBSCAN Algorithm and Implementation from Scratch},
      howpublished = {online},
      url = {https://towardsdatascience.com/understanding-dbscan-algorithm-and-implementation-from-scratch-c256289479c5},
      cited = {2020-11-16},
      year = {2020}
    }
    
    @MISC{hdbscan-video,
      key = {1n},
      title = {HDBSCAN, Fast Density Based Clustering, the How and the Why - John Healy},
      year = {2018},
      howpublished = {online},
      author = {PyData},
      url = {https://codetalks.tv/talk/hdbscan-fast-density-based-clustering-the-how-and-the-why-john-healy-dgsxd67ifiu},
      cited = {2020-11-17}
    }
    
    @article{hdbscan,
      key = {1o},
      doi = {10.21105/joss.00205},
      year  = {2017},
      month = {mar},
      publisher = {The Open Journal},
      volume = {2},
      number = {11},
      author = {Leland McInnes and John Healy and Steve Astels},
      title = {hdbscan: Hierarchical density based clustering},
      journal = {The Journal of Open Source Software}
    }
    
    @article{optics,
      key = {1p},
      author = {Ankerst, Mihael and Breunig, Markus and Kriegel, Hans-Peter and Sander, Joerg},
      year = {1999},
      month = {06},
      pages = {49-60},
      title = {OPTICS: Ordering Points to Identify the Clustering Structure},
      volume = {28},
      journal = {Sigmod Record},
      doi = {10.1145/304182.304187}
    }
    
    @website{3-sigma,
      key = {1q},
      author = {Michael Galarnyk},
      title = {Explaining the 68-95-99.7 rule for a Normal Distribution},
      howpublished = {online},
      url = {https://towardsdatascience.com/understanding-the-68-95-99-7-rule-for-a-normal-distribution-b7b7cbf760c2},
      cited = {2020-11-17},
      year = {2018}
    }
    
    @MISC{mad,
      key = {1r},
      title = {Outlier detection in Datadog: A look at the algorithms},
      year = {2015},
      month = {09},
      howpublished = {online},
      author = {Homin Lee},
      url = {https://www.datadoghq.com/blog/outlier-detection-algorithms-at-datadog/},
      cited = {2021-3-9}
    }
    
    @inproceedings{z-score,
      key = {1rr},
      author = {Nascimento, Ricardo and Oening, Ana and Marcilio, D.C. and Aoki, Alexandre and Rocha, Eloy and Schiochet, Jefferson},
      booktitle={PES Transmission and Distribution Conference and Exposition 2012},
      year = {2012},
      month = {05},
      pages = {1-6},
      title = {Outliers' detection and filling algorithms for smart metering centers},
      issn = {2160-8555},
      doi = {10.1109/TDC.2012.6281659}
    }
    
    @inbook{decision-trees,
      key = {1s},
      author = {Rokach, Lior and Maimon, Oded},
      year = {2005},
      month = {01},
      pages = {165-192},
      title = {Decision Trees},
      volume = {6},
      booktitle = {The Data Mining and Knowledge Discovery Handbook},
      publisher={Springer, Boston, MA},
      doi = {10.1007/0-387-25465-X\_9},
      isbn = {978-0-387-25465-4}
    }
    
    @inproceedings{isolation-forest,
      key = {1t},
      author={F. T. {Liu} and K. M. {Ting} and Z. {Zhou}},
      booktitle={2008 Eighth IEEE International Conference on Data Mining},
      title={Isolation Forest}, 
      year={2008},
      pages={413-422},
      doi={10.1109/ICDM.2008.17},
      issn={2374-8486}
    }
    
    @website{threadpool,
      key = {1u},
      title = {ThreadPool Class},
      howpublished = {online},
      url = {https://docs.microsoft.com/en-US/dotnet/api/system.threading.threadpool?view=net-5.0},
      cited = {2020-11-19},
      year = {2020}
    }
    
    @website{middleware,
      key = {1v},
      title = {ASP.NET Core Middleware},
      author={Rick Anderson and Steve Smith},
      howpublished = {online},
      url = {https://docs.microsoft.com/en-US/aspnet/core/fundamentals/middleware},
      cited = {2020-11-21},
      year = {2020},
      month = {7}
    }
    
    @website{route-data,
      key = {1w},
      title = {RoutingHttpContextExtensions.GetRouteData(HttpContext) Method},
      howpublished = {online},
      url = {https://docs.microsoft.com/en-us/dotnet/api/microsoft.aspnetcore.routing.routinghttpcontextextensions.getroutedata?view=aspnetcore-5.0},
      cited = {2020-11-21},
      year = {2020}
    }
    
    @website{graylog-limit,
      key = {1x},
      title = {Frequently asked questions - I cannot go past page 66 in search results},
      howpublished = {online},
      url = {https://docs.graylog.org/en/3.2/pages/faq.html},
      cited = {2020-11-23},
      year = {2020}
    }
    
    @website{graylog-api,
      key = {1y},
      title = {Graylog REST API},
      howpublished = {online},
      url = {https://docs.graylog.org/en/3.3/pages/configuration/rest_api.html},
      cited = {2020-11-23},
      year = {2020}
    }
    
    @website{elastic-limit,
      key = {1z},
      title = {Paginate search results},
      howpublished = {online},
      url = {https://www.elastic.co/guide/en/elasticsearch/reference/current/paginate-search-results.html},
      cited = {2021-04-06},
      year = {2021}
    }
    
    @BOOK{anomaly-vs-outlier-book,
      key = {2a},
      author = {Aggarwal, Charu},
      title = {Outlier Analysis},
      publisher = {Springer, Cham},
      year = {2017},
      isbn = {978-3-319-47577-6},
      edition = {2}
    }
    
    @website{anomaly-vs-outlier-post,
      key = {2b},
      author = {Al-Sabur, Raheem},
      year = {2018},
      month = {01},
      title = {What is the different between outlier and anomalies?},
      url = {https://www.researchgate.net/post/What-is-the-different-between-outlier-and-anomalies},
      cited = {2021-04-25},
      howpublished = {online}
    }
    