@inproceedings{amazon-framework,
    key = {a1},
    author={Liu, Zongyi Joe and Gupta, Rohit Kumar and Chen, Kun and Ferry, Bruce and Lacasse, Simon},
    booktitle={2020 IEEE International Conference on Consumer Electronics (ICCE)}, 
    title={A Scalable Computer Vision Framework For Mobile Device Auto-Typing}, 
    year={2020},
    volume={},
    number={},
    pages={1-6},
    doi={10.1109/ICCE46568.2020.9043107}
}

@inproceedings{amazon-paper,
    key = {a2},
    author={Liu, Zongyi and Ferry, Bruce and Lacasse, Simon},
    booktitle={2019 International Conference on Document Analysis and Recognition Workshops (ICDARW)}, 
    title={A Deep Neural Network to Detect Keyboard Regions and Recognize Isolated Characters}, 
    year={2019},
    volume={5},
    number={},
    pages={140-145},
    doi={10.1109/ICDARW.2019.40095}
}

@misc{github-keyboard-1,
    key = {a3},
    author = {Kyash},
    title = {rx-keyboard-detector},
    year = {2021},
    publisher = {GitHub},
    journal = {GitHub repository},
    howpublished = {online},
    url = {https://github.com/Kyash/rx-keyboard-detector},
    commit = {01005f132587467a0df37c6f31c9631171e5086d}
}

@misc{github-keyboard-2,
    key = {a4},
    author = {semmel},
    title = {on-screen-keyboard-detector},
    year = {2021},
    publisher = {GitHub},
    journal = {GitHub repository},
    howpublished = {online},
    url = {https://github.com/semmel/on-screen-keyboard-detector},
    commit = {92594f3e983f5beca2790eff085d8b99f7c9d0cb}
}

@inproceedings{craft-paper,
    key = {a5},
    author={Baek, Youngmin and Lee, Bado and Han, Dongyoon and Yun, Sangdoo and Lee, Hwalsuk},
    booktitle={2019 IEEE/CVF Conference on Computer Vision and Pattern Recognition (CVPR)}, 
    title={Character Region Awareness for Text Detection}, 
    year={2019},
    volume={},
    number={},
    pages={9357-9366},
    doi={10.1109/CVPR.2019.00959}
}

@article{canny-paper,
    key = {a6},
    author = {Canny, John},
    year = {1986},
    month = {12},
    pages = {679 - 698},
    title = {A Computational Approach To Edge Detection},
    volume = {PAMI-8},
    isbn = {9780080515816},
    journal = {Pattern Analysis and Machine Intelligence, IEEE Transactions on},
    doi = {10.1109/TPAMI.1986.4767851}
}

@article{opencv-library,
    key = {a7},
    author = {Bradski, G.},
    citeulike-article-id = {2236121},
    journal = {Dr. Dobb's Journal of Software Tools},
    keywords = {bibtex-import},
    posted-at = {2008-01-15 19:21:54},
    priority = {4},
    title = {The OpenCV Library},
    year = {2000}
}

@article{otsu-binarization,
    key = {a8},
    author = {Yousefi, Jamileh},
    year = {2015},
    month = {05},
    pages = {},
    title = {Image Binarization using Otsu Thresholding Algorithm},
    doi = {10.13140/RG.2.1.4758.9284}
}

@article{selective-search,
    key = {a9},
    author = {Uijlings, Jasper and Sande, K. and Gevers, T. and Smeulders, A.W.M.},
    year = {2013},
    month = {09},
    pages = {154-171},
    title = {Selective Search for Object Recognition},
    volume = {104},
    journal = {International Journal of Computer Vision},
    doi = {10.1007/s11263-013-0620-5}
}

@website{r-cnn-medium,
    key = {b1},
    author = {Gandhi, Rohith},
    year = {2018},
    month = {07},
    date = {09},
    title = {R-CNN, Fast R-CNN, Faster R-CNN, YOLO â€” Object Detection Algorithms},
    howpublished = {online},
    url = {https://towardsdatascience.com/r-cnn-fast-r-cnn-faster-r-cnn-yolo-object-detection-algorithms-36d53571365e},
    cited = {2022-11-15},
}

@article{r-cnn-cnn,
    key = {b2},
    author = {Krizhevsky, Alex and Sutskever, Ilya and Hinton, Geoffrey},
    year = {2012},
    month = {01},
    pages = {},
    title = {ImageNet Classification with Deep Convolutional Neural Networks},
    volume = {25},
    journal = {Neural Information Processing Systems},
    doi = {10.1145/3065386}
}

@article{r-cnn,
    key = {b3},
    author = {Girshick, Ross and Donahue, Jeff and Darrell, Trevor and Malik, Jitendra},
    year = {2013},
    month = {11},
    pages = {},
    title = {Rich Feature Hierarchies for Accurate Object Detection and Semantic Segmentation},
    journal = {Proceedings of the IEEE Computer Society Conference on Computer Vision and Pattern Recognition},
    doi = {10.1109/CVPR.2014.81}
}

@inbook{svm,
    key = {b4},
    author={Evgeniou, Theodoros and Pontil, Massimiliano},
    title={Support Vector Machines: Theory and Applications},
    bookTitle={Machine Learning and Its Applications: Advanced Lectures},
    year={2001},
    publisher={Springer Berlin Heidelberg},
    pages={249--257},
    isbn={978-3-540-44673-6},
    doi={10.1007/3-540-44673-7\_12},
}

@misc{stanford-object-detection-lecture,
    key = {b5},
    author = {Li, Fei-Fei and Wu, Jiajun and Gao, Ruohan},
    institution = {Stanford University},
    year = {2022},
    month = {04},
    day = {26},
    title = {Lecture 9: Object Detection and Image Segmentation},
    howpublished = {online},
    url = {http://cs231n.stanford.edu/slides/2022/lecture_9_jiajun.pdf},
    cited = {2022-11-15}
}

@inproceedings{fast-rcnn,
    key = {b6},
    author={Girshick, Ross},
    booktitle={2015 IEEE International Conference on Computer Vision (ICCV)}, 
    title={Fast R-CNN}, 
    year={2015},
    volume={},
    number={},
    pages={1440-1448},
    doi={10.1109/ICCV.2015.169}
}

@article{sppnet,
    key = {b7},
    author = {He, Kaiming and Zhang, Xiangyu and Ren, Shaoqing and Sun, Jian},
    year = {2014},
    month = {06},
    pages = {},
    title = {Spatial Pyramid Pooling in Deep Convolutional Networks for Visual Recognition},
    volume = {37},
    isbn = {978-3-319-10577-2},
    journal = {IEEE Transactions on Pattern Analysis and Machine Intelligence},
    doi = {10.1109/TPAMI.2015.2389824}
}

@book{hands-on-cnn,
    key = {b8},
    author = {Zafar, Iffat and Tzanidou, Giounona and Burton, Richard and Patel, Nimesh and Araujo, Leonardo},
    title = {Hands-On Convolutional Neural Networks with TensorFlow},
    publisher = {Packt Publishing},
    year = {2018},
    isbn = {9781789130331}
}

@article{faster-rcnn,
    key = {b8},
    author = {Ren, Shaoqing and He, Kaiming and Girshick, Ross and Sun, Jian},
    year = {2015},
    month = {06},
    pages = {},
    title = {Faster R-CNN: Towards Real-Time Object Detection with Region Proposal Networks},
    volume = {39},
    journal = {IEEE Transactions on Pattern Analysis and Machine Intelligence},
    doi = {10.1109/TPAMI.2016.2577031}
}

@inproceedings{yolo,
    key = {b9},
    author={Redmon, Joseph and Divvala, Santosh and Girshick, Ross and Farhadi, Ali},
    booktitle={2016 IEEE Conference on Computer Vision and Pattern Recognition (CVPR)}, 
    title={You Only Look Once: Unified, Real-Time Object Detection}, 
    year={2016},
    volume={},
    number={},
    pages={779-788},
    doi={10.1109/CVPR.2016.91}
}

@inproceedings{googlenet,
    key = {c1},
    author={Szegedy, Christian and Wei Liu and Yangqing Jia and Sermanet, Pierre and Reed, Scott and Anguelov, Dragomir and Erhan, Dumitru and Vanhoucke, Vincent and Rabinovich, Andrew},
    booktitle={2015 IEEE Conference on Computer Vision and Pattern Recognition (CVPR)}, 
    title={Going deeper with convolutions}, 
    year={2015},
    volume={},
    number={},
    pages={1-9},
    doi={10.1109/CVPR.2015.7298594}
}

@inproceedings{non-maximal-suppresion,
    key = {c2},
    author = {Rothe, Rasmus and Guillaumin, Matthieu and Van Gool, Luc},
    year = {2015},
    month = {04},
    pages = {},
    title = {Non-Maximum Suppression for Object Detection by Passing Messages between Windows},
    volume = {9003},
    isbn = {978-3-319-16864-7},
    journal = {LNCS},
    doi = {10.1007/978-3-319-16865-4_19}
}

@website{yolo-evolution,
    key = {c3},
    author = {Ivanov, Maxim},
    year = {2022},
    month = {10},
    date = {4},
    title = {The evolution of the YOLO neural networks family from v1 to v7.},
    howpublished = {online},
    url = {https://medium.com/deelvin-machine-learning/the-evolution-of-the-yolo-neural-networks-family-from-v1-to-v7-48dd98702a3d},
    cited = {2022-11-17},
}

@inproceedings{yolov2,
    key = {c4},
    author={Redmon, Joseph and Farhadi, Ali},
    booktitle={2017 IEEE Conference on Computer Vision and Pattern Recognition (CVPR)}, 
    title={YOLO9000: Better, Faster, Stronger}, 
    year={2017},
    volume={},
    number={},
    pages={6517-6525},
    doi={10.1109/CVPR.2017.690}
}

@article{yolov3,
    key = {c5},
    author = {Redmon, Joseph and Farhadi, Ali},
    journal = {CoRR},
    year = {2018},
    month = {04},
    pages = {},
    title = {YOLOv3: An Incremental Improvement},
    doi = {10.48550/arXiv.1804.02767}
}

@article{yolov4,
    key = {c6},
    author = {Bochkovskiy, Alexey and Wang, Chien-Yao and Liao, Hong-yuan},
    journal = {CoRR},
    year = {2020},
    month = {04},
    pages = {},
    title = {YOLOv4: Optimal Speed and Accuracy of Object Detection},
    doi = {10.48550/arXiv.2004.10934}
}

@mastersthesis{yolo-evolution-thesis,
    key = {c7},
    type = {Bachelor's Thesis},
    author= {Thuan, Do},
    year = {2021},
    title = {Evolution of Yolo algorithm and Yolov5: The State-of-the-Art object detention algorithm},
    url = {https://www.theseus.fi/handle/10024/452552}
}

@website{yolov5-vs-yolov4,
    key = {c8},
    author = {Nelson, Joseph and Solawetz, Jacob},
    year = {2020},
    month = {6},
    date = {12},
    title = {Responding to the Controversy about YOLOv5},
    howpublished = {online},
    url = {https://blog.roboflow.com/yolov4-versus-yolov5/},
    cited = {2022-11-19},
}

@article{yolov6,
    key = {c9},
    author = {Li, Chuyi and Li, Lulu and Jiang, Hongliang and Weng, Kaiheng and Geng, Yifei and Li, Liang and Ke, Zaidan and Li, Qingyuan and Cheng, Meng and Nie, Weiqiang and Li, Yiduo and Zhang, Bo and Liang, Yufei and Zhou, Linyuan and Xu, Xiaoming and Chu, Xiangxiang and Wei, Xiaoming and Wei, Xiaolin},
    year = {2022},
    month = {09},
    pages = {},
    title = {YOLOv6: A Single-Stage Object Detection Framework for Industrial Applications},
    doi = {10.48550/arXiv.2209.02976}
}

@website{yolov6-roboflow,
    key = {d1},
    author = {Solawetz, Jacob and Nelson, Joseph},
    year = {2022},
    month = {7},
    date = {4},
    title = {What's New in YOLOv6?},
    howpublished = {online},
    url = {https://blog.roboflow.com/yolov6/},
    cited = {2022-11-19}
}

@article{yolov7,
    key = {d2},
    author = {Wang, Chien-Yao and Bochkovskiy, Alexey and Liao, Hong-yuan},
    journal={arXiv preprint arXiv:2207.02696},
    year = {2022},
    month = {07},
    pages = {},
    title = {YOLOv7: Trainable bag-of-freebies sets new state-of-the-art for real-time object detectors},
    doi = {10.48550/arXiv.2207.02696}
}

@website{yolov7-web,
    key = {d3},
    author = {Boesch, Gaudenz},
    year = {2022},
    title = {YOLOv7: The Most Powerful Object Detection Algorithm (2022 Guide)},
    howpublished = {online},
    url = {https://viso.ai/deep-learning/yolov7-guide/},    
    cited = {2022-11-19}
}

@inproceedings{ssd-paper,
    key = {d4},
    author = {Liu, Wei and Anguelov, Dragomir and Erhan, Dumitru and Szegedy, Christian and Reed, Scott and Fu, Cheng-Yang and Berg, Alexander},
    booktitle={Computer Vision -- ECCV 2016},
    publisher={Springer International Publishing},
    year = {2016},
    month = {10},
    pages = {21-37},
    title = {SSD: Single Shot MultiBox Detector},
    isbn = {978-3-319-46447-3},
    doi = {10.1007/978-3-319-46448-0\_2}
}

@website{ssd-web,
    key = {d5},
    author = {Tsang, Sik-Ho},
    year = {2018},
    month = {11},
    day = {3},
    title = {Review: SSD â€” Single Shot Detector (Object Detection)},
    howpublished = {online},
    url = {https://towardsdatascience.com/review-ssd-single-shot-detector-object-detection-851a94607d11},
    cited = {2022-11-19}
}

@misc{latticegen,
    key = {d6},
    author = {de Jong, Tobias A.},
    title = {MoirÃ© lattice generator},
    month = {8},
    year = {2021},
    publisher = {Zenodo},
    version = {0.0.5},
    doi = {10.5281/zenodo.5710707},
    url = {https://doi.org/10.5281/zenodo.5710707}
}

@misc{pp-yolo,
    key = {d7},
    author = {Long, Xiang and Deng, Kaipeng and Wang, Guanzhong and Zhang, Yang and Dang, Qingqing and Gao, Yuan and Shen, Hui and Ren, Jianguo and Han, Shumin and Ding, Errui and Wen, Shilei},
    year = {2020},
    month = {07},
    pages = {},
    title = {PP-YOLO: An Effective and Efficient Implementation of Object Detector},
    doi = {10.48550/arXiv.2007.12099}
}

@article{rep-conv,
    key = {d8},
    author = {Soudy, Mohamed and Afify, Yasmine and Badr, Nagwa},
    year = {2022},
    month = {04},
    pages = {1-11},
    title = {RepConv: A novel architecture for image scene classification on Intel scenes dataset},
    journal = {International Journal of Intelligent Computing and Information Sciences},
    doi = {10.21608/ijicis.2022.118834.1163}
}

@inproceedings{deep-supervision,
    key = {d9},
    title = {Deeply-Supervised Nets},
    author = {Lee, Chen-Yu and Xie, Saining and Gallagher, Patrick and Zhang, Zhengyou and Tu, Zhuowen},
    booktitle = {Proceedings of the Eighteenth International Conference on Artificial Intelligence and Statistics},
    pages = {562--570},
    year = {2015},
    editor = {Lebanon, Guy and Vishwanathan, S. V. N.},
    volume = {38},
    series = {Proceedings of Machine Learning Research},
    address = {San Diego, California, USA},
    month = {09--12 May},
    publisher = {PMLR},
}

@inproceedings{sstd,
    key = {e1},
    author={He, Pan and Huang, Weilin and He, Tong and Zhu, Qile and Qiao, Yu and Li, Xiaolin},
    booktitle={2017 IEEE International Conference on Computer Vision (ICCV)}, 
    title={Single Shot Text Detector with Regional Attention}, 
    year={2017},
    volume={},
    number={},
    pages={3066-3074},
    doi={10.1109/ICCV.2017.331}
}

@inbook{clahe,
    key = {e2},
    author = {Zuiderveld, Karel},
    booktitle = {Graphics Gems},
    doi = {10.1016/b978-0-12-336156-1.50061-6},
    keywords = {},
    pages = {474-485},
    publisher = {},
    title = {VIII.5. Contrast Limited Adaptive Histogram Equalization},
    year = {1994}
}